<?xml version="1.0" encoding="UTF-8"?>
<OAI-PMH xmlns="http://www.openarchives.org/OAI/2.0/" xmlns:xsi="http://www.w3.org/2001/XMLSchema-instance" xsi:schemaLocation="http://www.openarchives.org/OAI/2.0/ http://www.openarchives.org/OAI/2.0/OAI-PMH.xsd">
  <ListRecords>
    <record>
      <header>
        <identifier>aleph-publish:000143976</identifier>
      </header>
      <metadata>
        <record xmlns="http://www.ddb.de/professionell/mabxml/mabxml-1.xsd">
          <leader>00948nM2.01200024------h</leader>
          <controlfield tag="LDR">00948nM2.01200024------h</controlfield>
          <controlfield tag="FMT">MH</controlfield>
          <datafield tag="001" ind1="-" ind2="1">
            <subfield code="a">HT000917985</subfield>
          </datafield>
          <datafield tag="002" ind1="a" ind2="1">
            <subfield code="a">19970604</subfield>
          </datafield>
          <datafield tag="004" ind1="-" ind2="1">
            <subfield code="a">20031206</subfield>
          </datafield>
          <controlfield tag="030">a|5dc||||||25</controlfield>
          <controlfield tag="050">a|||||||||||||</controlfield>
          <controlfield tag="051">s||||||</controlfield>
          <datafield tag="070" ind1="-" ind2="1">
            <subfield code="a">HBZ/Off</subfield>
          </datafield>
          <datafield tag="078" ind1="b" ind2="1">
            <subfield code="a">alt</subfield>
          </datafield>
          <datafield tag="080" ind1="-" ind2="1">
            <subfield code="a">10</subfield>
          </datafield>
          <datafield tag="200" ind1="-" ind2="1">
            <subfield code="e">Allgemeiner Kongress der Arbeiter- und Soldatenräte Deutschlands</subfield>
            <subfield code="n">1</subfield>
            <subfield code="d">1918</subfield>
            <subfield code="c">Berlin</subfield>
            <subfield code="9">(DE-588)2003834-3</subfield>
          </datafield>
          <datafield tag="204" ind1="a" ind2="1">
            <subfield code="k">Deutschland</subfield>
            <subfield code="h">Deutsches Reich</subfield>
            <subfield code="b">Zentralrat</subfield>
            <subfield code="9">(DE-588)2029657-5</subfield>
          </datafield>
          <datafield tag="310" ind1="-" ind2="1">
            <subfield code="a">STENOGRAPHISCHE BERICHTE ALLGEMEINER KONGRESS DER ARBEITER- UND SOLDATENRAETE DEUTSCHLANDS</subfield>
          </datafield>
          <datafield tag="331" ind1="-" ind2="1">
            <subfield code="a">STENOGRAPHISCHE BERICHTE / ALLGEMEINER KONGRESS DER ARBEITERUND SOLDATENRAETE DEUTSCHLANDS : VOM 16. - 21. DEZEMBER 1918 IM ABGEORDNETENHAUS ZU BERLIN / HRSG.: ZENTRALRAT D. SOZIALIST. REPUBLIK DEUTSCHLANDS, BERLIN</subfield>
          </datafield>
          <datafield tag="403" ind1="-" ind2="1">
            <subfield code="a">2. AUFL., NACHDR. D. AUSG. BERLIN, ZENTRALRAT D. SOZIALIST. REPUBLIK DEUTSCHLANDS, 1919.</subfield>
          </datafield>
          <datafield tag="410" ind1="-" ind2="1">
            <subfield code="a">BERLIN</subfield>
          </datafield>
          <datafield tag="412" ind1="-" ind2="1">
            <subfield code="a">OLLE UND WOLTER</subfield>
          </datafield>
          <datafield tag="425" ind1="a" ind2="1">
            <subfield code="a">1975</subfield>
          </datafield>
          <datafield tag="433" ind1="-" ind2="1">
            <subfield code="a">VIII, 215 S.</subfield>
          </datafield>
          <datafield tag="451" ind1="-" ind2="1">
            <subfield code="a">KRITISCHE BIBLIOTHEK DER ARBEITERBEWEGUNG; TEXT NR. 2</subfield>
          </datafield>
          <datafield tag="453" ind1="-" ind2="1">
            <subfield code="a">HT001240678</subfield>
          </datafield>
          <datafield tag="455" ind1="-" ind2="1">
            <subfield code="a">2</subfield>
          </datafield>
          <datafield tag="456" ind1="-" ind2="1">
            <subfield code="a">2</subfield>
          </datafield>
          <datafield tag="501" ind1="-" ind2="1">
            <subfield code="a">FAELSCHL. ALS BD. 1 D. SCHRIFTENREIHE BEZEICHNET. - IN FRAKTUR</subfield>
          </datafield>
          <datafield tag="540" ind1="a" ind2="1">
            <subfield code="a">3-921241-07-3</subfield>
          </datafield>
          <controlfield tag="SYS">000143976</controlfield>
          <datafield tag="PKO" ind1="-" ind2="1">
            <subfield code="k">Zentralrat</subfield>
            <subfield code="h">Deutschland, Deutsches Reich</subfield>
            <subfield code="9">(DE-588)2029657-5</subfield>
          </datafield>
          <datafield tag="PKO" ind1="-" ind2="1">
            <subfield code="e">Rätekongress</subfield>
            <subfield code="n">1</subfield>
            <subfield code="d">1918</subfield>
            <subfield code="c">Berlin</subfield>
            <subfield code="9">(DE-588)2003834-3</subfield>
          </datafield>
          <datafield tag="PKO" ind1="-" ind2="1">
            <subfield code="e">Kongress der Arbeiter- und Soldatenräte Deutschlands</subfield>
            <subfield code="n">1</subfield>
            <subfield code="d">1918</subfield>
            <subfield code="c">Berlin</subfield>
            <subfield code="9">(DE-588)2003834-3</subfield>
          </datafield>
          <datafield tag="PKO" ind1="-" ind2="1">
            <subfield code="k">Zentralrat</subfield>
            <subfield code="h">Deutschland, Deutsches Reich</subfield>
            <subfield code="9">(DE-588)2029657-5</subfield>
          </datafield>
          <datafield tag="PKO" ind1="-" ind2="1">
            <subfield code="e">Rätekongress</subfield>
            <subfield code="n">1</subfield>
            <subfield code="d">1918</subfield>
            <subfield code="c">Berlin</subfield>
            <subfield code="9">(DE-588)2003834-3</subfield>
          </datafield>
          <datafield tag="PKO" ind1="-" ind2="1">
            <subfield code="e">Kongress der Arbeiter- und Soldatenräte Deutschlands</subfield>
            <subfield code="n">1</subfield>
            <subfield code="d">1918</subfield>
            <subfield code="c">Berlin</subfield>
            <subfield code="9">(DE-588)2003834-3</subfield>
          </datafield>
          <datafield tag="700" ind1=" " ind2=" ">
            <subfield code="a">LOW</subfield>
          </datafield>
          <datafield tag="OWN" ind1=" " ind2=" ">
            <subfield code="a">P0001</subfield>
          </datafield>
          <datafield tag="PLK" ind1=" " ind2=" ">
            <subfield code="a">SRU</subfield>
            <subfield code="l">PAD01</subfield>
            <subfield code="b">000208746</subfield>
            <subfield code="m">2.^STENOGRAPHISCHE BERICHTE ALLGEMEINER KONGRESS DER ARBEITER- UND SOLDATENRAETE DEUTSCHLANDS.^2. AUFL., NACHDR. D. AUSG. BERLIN, ZENTRALRAT D. SOZIALIST. REPUBLIK DEUTSCHLANDS, 1919..^1975</subfield>
            <subfield code="n">Kritische Bibliothek der Arbeiterbewegung.^</subfield>
          </datafield>
          <datafield tag="LOC" ind1=" " ind2=" ">
            <subfield code="m">BOOK</subfield>
            <subfield code="a">P0001</subfield>
            <subfield code="b">30</subfield>
            <subfield code="d">LOW1049(2)+1</subfield>
            <subfield code="n">30</subfield>
            <subfield code="k">00000000</subfield>
            <subfield code="5">160219-20</subfield>
          </datafield>
          <datafield tag="LOC" ind1=" " ind2=" ">
            <subfield code="m">BOOK</subfield>
            <subfield code="a">P0001</subfield>
            <subfield code="b">31</subfield>
            <subfield code="d">LOW1049(2)</subfield>
            <subfield code="i">79/20509</subfield>
            <subfield code="n">20</subfield>
            <subfield code="k">20000217</subfield>
            <subfield code="5">160219-10</subfield>
          </datafield>
        </record>
      </metadata>
    </record>
  </ListRecords>
</OAI-PMH>
